%YAML 1.1
%TAG !u! tag:unity3d.com,2011:
--- !u!1 &1005015616766944758
GameObject:
  m_ObjectHideFlags: 0
  m_CorrespondingSourceObject: {fileID: 0}
  m_PrefabInstance: {fileID: 0}
  m_PrefabAsset: {fileID: 0}
  serializedVersion: 6
  m_Component:
  - component: {fileID: 3736622231637290652}
  m_Layer: 0
  m_Name: Torch
  m_TagString: Untagged
  m_Icon: {fileID: 0}
  m_NavMeshLayer: 0
  m_StaticEditorFlags: 0
  m_IsActive: 1
--- !u!4 &3736622231637290652
Transform:
  m_ObjectHideFlags: 0
  m_CorrespondingSourceObject: {fileID: 0}
  m_PrefabInstance: {fileID: 0}
  m_PrefabAsset: {fileID: 0}
  m_GameObject: {fileID: 1005015616766944758}
  m_LocalRotation: {x: -0, y: -0, z: -0, w: 1}
  m_LocalPosition: {x: 0, y: 1.619115, z: 2.1}
  m_LocalScale: {x: 1, y: 1, z: 1}
  m_Children:
  - {fileID: 8988193431484908999}
  - {fileID: 8979051083711160780}
  - {fileID: 1892457619828810792}
  - {fileID: 7478386200254561791}
  m_Father: {fileID: 2233102424076153729}
  m_RootOrder: 1
  m_LocalEulerAnglesHint: {x: 0, y: 0, z: 0}
--- !u!1 &1504743436726939462
GameObject:
  m_ObjectHideFlags: 0
  m_CorrespondingSourceObject: {fileID: 0}
  m_PrefabInstance: {fileID: 0}
  m_PrefabAsset: {fileID: 0}
  serializedVersion: 6
  m_Component:
  - component: {fileID: 899629610875436331}
  m_Layer: 0
  m_Name: Button_Prefab
  m_TagString: Untagged
  m_Icon: {fileID: 0}
  m_NavMeshLayer: 0
  m_StaticEditorFlags: 0
  m_IsActive: 1
--- !u!4 &899629610875436331
Transform:
  m_ObjectHideFlags: 0
  m_CorrespondingSourceObject: {fileID: 0}
  m_PrefabInstance: {fileID: 0}
  m_PrefabAsset: {fileID: 0}
  m_GameObject: {fileID: 1504743436726939462}
  m_LocalRotation: {x: -0, y: -0, z: -0, w: 1}
  m_LocalPosition: {x: 0, y: 0.2, z: 0.1241844}
  m_LocalScale: {x: 1, y: 1, z: 1}
  m_Children:
  - {fileID: 3812351430830847431}
  - {fileID: 7552293597051475891}
  - {fileID: 785138859305036205}
  - {fileID: 7066830893295325014}
  m_Father: {fileID: 2233102424076153729}
  m_RootOrder: 2
  m_LocalEulerAnglesHint: {x: 0, y: 0, z: 0}
--- !u!1 &2615227883780120738
GameObject:
  m_ObjectHideFlags: 0
  m_CorrespondingSourceObject: {fileID: 0}
  m_PrefabInstance: {fileID: 0}
  m_PrefabAsset: {fileID: 0}
  serializedVersion: 6
  m_Component:
  - component: {fileID: 6080888130895949163}
  m_Layer: 0
  m_Name: Candlestick_Floor_02_Lit
  m_TagString: Untagged
  m_Icon: {fileID: 0}
  m_NavMeshLayer: 0
  m_StaticEditorFlags: 0
  m_IsActive: 1
--- !u!4 &6080888130895949163
Transform:
  m_ObjectHideFlags: 0
  m_CorrespondingSourceObject: {fileID: 0}
  m_PrefabInstance: {fileID: 0}
  m_PrefabAsset: {fileID: 0}
  m_GameObject: {fileID: 2615227883780120738}
  m_LocalRotation: {x: 0, y: 0, z: 0, w: 1}
  m_LocalPosition: {x: 0, y: 0, z: 0}
  m_LocalScale: {x: 1, y: 1, z: 1}
  m_Children:
  - {fileID: 6269659353494186487}
  - {fileID: 6965004111322871222}
  - {fileID: 2546673431758775006}
  - {fileID: 254898521758780065}
  m_Father: {fileID: 2233102424076153729}
  m_RootOrder: 0
  m_LocalEulerAnglesHint: {x: 0, y: 0, z: 0}
--- !u!1 &4940895919670307745
GameObject:
  m_ObjectHideFlags: 0
  m_CorrespondingSourceObject: {fileID: 0}
  m_PrefabInstance: {fileID: 0}
  m_PrefabAsset: {fileID: 0}
  serializedVersion: 6
  m_Component:
  - component: {fileID: 2370863370042309457}
  m_Layer: 0
  m_Name: Door (1)
  m_TagString: Untagged
  m_Icon: {fileID: 0}
  m_NavMeshLayer: 0
  m_StaticEditorFlags: 0
  m_IsActive: 1
--- !u!4 &2370863370042309457
Transform:
  m_ObjectHideFlags: 0
  m_CorrespondingSourceObject: {fileID: 0}
  m_PrefabInstance: {fileID: 0}
  m_PrefabAsset: {fileID: 0}
  m_GameObject: {fileID: 4940895919670307745}
  m_LocalRotation: {x: -0, y: -0, z: -0, w: 1}
  m_LocalPosition: {x: 0, y: 0, z: -3}
  m_LocalScale: {x: 1, y: 1, z: 1}
  m_Children: []
  m_Father: {fileID: 4047570923568867292}
  m_RootOrder: 8
  m_LocalEulerAnglesHint: {x: 0, y: 0, z: 0}
--- !u!1001 &254898521758640193
PrefabInstance:
  m_ObjectHideFlags: 0
  serializedVersion: 2
  m_Modification:
    m_TransformParent: {fileID: 6080888130895949163}
    m_Modifications:
    - target: {fileID: 118522, guid: aebf24aa57894961bfe5b60492dd5bdd, type: 3}
      propertyPath: m_Name
      value: Candlestick_Floor_02_Lit
      objectReference: {fileID: 0}
    - target: {fileID: 418528, guid: aebf24aa57894961bfe5b60492dd5bdd, type: 3}
      propertyPath: m_RootOrder
      value: 3
      objectReference: {fileID: 0}
    - target: {fileID: 418528, guid: aebf24aa57894961bfe5b60492dd5bdd, type: 3}
      propertyPath: m_LocalPosition.x
      value: 1.85
      objectReference: {fileID: 0}
    - target: {fileID: 418528, guid: aebf24aa57894961bfe5b60492dd5bdd, type: 3}
      propertyPath: m_LocalPosition.y
      value: 0
      objectReference: {fileID: 0}
    - target: {fileID: 418528, guid: aebf24aa57894961bfe5b60492dd5bdd, type: 3}
      propertyPath: m_LocalPosition.z
      value: -1.85
      objectReference: {fileID: 0}
    - target: {fileID: 418528, guid: aebf24aa57894961bfe5b60492dd5bdd, type: 3}
      propertyPath: m_LocalRotation.w
      value: 1
      objectReference: {fileID: 0}
    - target: {fileID: 418528, guid: aebf24aa57894961bfe5b60492dd5bdd, type: 3}
      propertyPath: m_LocalRotation.x
      value: -0
      objectReference: {fileID: 0}
    - target: {fileID: 418528, guid: aebf24aa57894961bfe5b60492dd5bdd, type: 3}
      propertyPath: m_LocalRotation.y
      value: -0
      objectReference: {fileID: 0}
    - target: {fileID: 418528, guid: aebf24aa57894961bfe5b60492dd5bdd, type: 3}
      propertyPath: m_LocalRotation.z
      value: -0
      objectReference: {fileID: 0}
    - target: {fileID: 418528, guid: aebf24aa57894961bfe5b60492dd5bdd, type: 3}
      propertyPath: m_LocalEulerAnglesHint.x
      value: 0
      objectReference: {fileID: 0}
    - target: {fileID: 418528, guid: aebf24aa57894961bfe5b60492dd5bdd, type: 3}
      propertyPath: m_LocalEulerAnglesHint.y
      value: 0
      objectReference: {fileID: 0}
    - target: {fileID: 418528, guid: aebf24aa57894961bfe5b60492dd5bdd, type: 3}
      propertyPath: m_LocalEulerAnglesHint.z
      value: 0
      objectReference: {fileID: 0}
    m_RemovedComponents: []
  m_SourcePrefab: {fileID: 100100000, guid: aebf24aa57894961bfe5b60492dd5bdd, type: 3}
--- !u!4 &254898521758780065 stripped
Transform:
  m_CorrespondingSourceObject: {fileID: 418528, guid: aebf24aa57894961bfe5b60492dd5bdd,
    type: 3}
  m_PrefabInstance: {fileID: 254898521758640193}
  m_PrefabAsset: {fileID: 0}
--- !u!1001 &332188190197816070
PrefabInstance:
  m_ObjectHideFlags: 0
  serializedVersion: 2
  m_Modification:
    m_TransformParent: {fileID: 4047570923568867292}
    m_Modifications:
    - target: {fileID: 119458, guid: 871313d097424a8da9d90dc4db5a48ba, type: 3}
      propertyPath: m_Name
      value: Ladder_01 (1)
      objectReference: {fileID: 0}
    - target: {fileID: 119458, guid: 871313d097424a8da9d90dc4db5a48ba, type: 3}
      propertyPath: m_TagString
      value: u-Ladder
      objectReference: {fileID: 0}
    - target: {fileID: 419458, guid: 871313d097424a8da9d90dc4db5a48ba, type: 3}
      propertyPath: m_RootOrder
      value: 9
      objectReference: {fileID: 0}
    - target: {fileID: 419458, guid: 871313d097424a8da9d90dc4db5a48ba, type: 3}
      propertyPath: m_LocalScale.x
      value: 1
      objectReference: {fileID: 0}
    - target: {fileID: 419458, guid: 871313d097424a8da9d90dc4db5a48ba, type: 3}
      propertyPath: m_LocalScale.y
      value: 1.2
      objectReference: {fileID: 0}
    - target: {fileID: 419458, guid: 871313d097424a8da9d90dc4db5a48ba, type: 3}
      propertyPath: m_LocalPosition.x
      value: 0
      objectReference: {fileID: 0}
    - target: {fileID: 419458, guid: 871313d097424a8da9d90dc4db5a48ba, type: 3}
      propertyPath: m_LocalPosition.y
      value: 1
      objectReference: {fileID: 0}
    - target: {fileID: 419458, guid: 871313d097424a8da9d90dc4db5a48ba, type: 3}
      propertyPath: m_LocalPosition.z
      value: -2.12
      objectReference: {fileID: 0}
    - target: {fileID: 419458, guid: 871313d097424a8da9d90dc4db5a48ba, type: 3}
      propertyPath: m_LocalRotation.w
      value: 1
      objectReference: {fileID: 0}
    - target: {fileID: 419458, guid: 871313d097424a8da9d90dc4db5a48ba, type: 3}
      propertyPath: m_LocalRotation.x
      value: 0
      objectReference: {fileID: 0}
    - target: {fileID: 419458, guid: 871313d097424a8da9d90dc4db5a48ba, type: 3}
      propertyPath: m_LocalRotation.y
      value: 0
      objectReference: {fileID: 0}
    - target: {fileID: 419458, guid: 871313d097424a8da9d90dc4db5a48ba, type: 3}
      propertyPath: m_LocalRotation.z
      value: 0
      objectReference: {fileID: 0}
    - target: {fileID: 419458, guid: 871313d097424a8da9d90dc4db5a48ba, type: 3}
      propertyPath: m_LocalEulerAnglesHint.x
      value: 0
      objectReference: {fileID: 0}
    - target: {fileID: 419458, guid: 871313d097424a8da9d90dc4db5a48ba, type: 3}
      propertyPath: m_LocalEulerAnglesHint.y
      value: 0
      objectReference: {fileID: 0}
    - target: {fileID: 419458, guid: 871313d097424a8da9d90dc4db5a48ba, type: 3}
      propertyPath: m_LocalEulerAnglesHint.z
      value: 0
      objectReference: {fileID: 0}
    m_RemovedComponents: []
  m_SourcePrefab: {fileID: 100100000, guid: 871313d097424a8da9d90dc4db5a48ba, type: 3}
--- !u!1001 &968455027157387946
PrefabInstance:
  m_ObjectHideFlags: 0
  serializedVersion: 2
  m_Modification:
    m_TransformParent: {fileID: 0}
    m_Modifications:
    - target: {fileID: 3502733490291938687, guid: c871e8dbd11bd5541bd80b284fa2674c,
        type: 3}
      propertyPath: m_TagString
      value: u-Door2
      objectReference: {fileID: 0}
    - target: {fileID: 3844799713642409334, guid: c871e8dbd11bd5541bd80b284fa2674c,
        type: 3}
      propertyPath: m_RootOrder
      value: 0
      objectReference: {fileID: 0}
    - target: {fileID: 3844799713642409334, guid: c871e8dbd11bd5541bd80b284fa2674c,
        type: 3}
      propertyPath: m_LocalPosition.x
      value: 1
      objectReference: {fileID: 0}
    - target: {fileID: 3844799713642409334, guid: c871e8dbd11bd5541bd80b284fa2674c,
        type: 3}
      propertyPath: m_LocalPosition.y
      value: 0
      objectReference: {fileID: 0}
    - target: {fileID: 3844799713642409334, guid: c871e8dbd11bd5541bd80b284fa2674c,
        type: 3}
      propertyPath: m_LocalPosition.z
      value: 3
      objectReference: {fileID: 0}
    - target: {fileID: 3844799713642409334, guid: c871e8dbd11bd5541bd80b284fa2674c,
        type: 3}
      propertyPath: m_LocalRotation.w
      value: 0
      objectReference: {fileID: 0}
    - target: {fileID: 3844799713642409334, guid: c871e8dbd11bd5541bd80b284fa2674c,
        type: 3}
      propertyPath: m_LocalRotation.x
      value: 0
      objectReference: {fileID: 0}
    - target: {fileID: 3844799713642409334, guid: c871e8dbd11bd5541bd80b284fa2674c,
        type: 3}
      propertyPath: m_LocalRotation.y
      value: 1
      objectReference: {fileID: 0}
    - target: {fileID: 3844799713642409334, guid: c871e8dbd11bd5541bd80b284fa2674c,
        type: 3}
      propertyPath: m_LocalRotation.z
      value: 0
      objectReference: {fileID: 0}
    - target: {fileID: 3844799713642409334, guid: c871e8dbd11bd5541bd80b284fa2674c,
        type: 3}
      propertyPath: m_LocalEulerAnglesHint.x
      value: 0
      objectReference: {fileID: 0}
    - target: {fileID: 3844799713642409334, guid: c871e8dbd11bd5541bd80b284fa2674c,
        type: 3}
      propertyPath: m_LocalEulerAnglesHint.y
      value: 180
      objectReference: {fileID: 0}
    - target: {fileID: 3844799713642409334, guid: c871e8dbd11bd5541bd80b284fa2674c,
        type: 3}
      propertyPath: m_LocalEulerAnglesHint.z
      value: 0
      objectReference: {fileID: 0}
    - target: {fileID: 3844799713642409335, guid: c871e8dbd11bd5541bd80b284fa2674c,
        type: 3}
      propertyPath: m_Name
      value: BaseLevel3
      objectReference: {fileID: 0}
    - target: {fileID: 7145457125379069237, guid: c871e8dbd11bd5541bd80b284fa2674c,
        type: 3}
      propertyPath: m_IsActive
      value: 1
      objectReference: {fileID: 0}
    - target: {fileID: 7315909645555334352, guid: c871e8dbd11bd5541bd80b284fa2674c,
        type: 3}
      propertyPath: m_LocalRotation.w
      value: 1
      objectReference: {fileID: 0}
    - target: {fileID: 7315909645555334352, guid: c871e8dbd11bd5541bd80b284fa2674c,
        type: 3}
      propertyPath: m_LocalRotation.x
      value: 0
      objectReference: {fileID: 0}
    - target: {fileID: 7315909645555334352, guid: c871e8dbd11bd5541bd80b284fa2674c,
        type: 3}
      propertyPath: m_LocalRotation.y
      value: 0
      objectReference: {fileID: 0}
    - target: {fileID: 7315909645555334352, guid: c871e8dbd11bd5541bd80b284fa2674c,
        type: 3}
      propertyPath: m_LocalRotation.z
      value: 0
      objectReference: {fileID: 0}
    - target: {fileID: 7315909645555334352, guid: c871e8dbd11bd5541bd80b284fa2674c,
        type: 3}
      propertyPath: m_LocalEulerAnglesHint.y
      value: 0
      objectReference: {fileID: 0}
    m_RemovedComponents: []
  m_SourcePrefab: {fileID: 100100000, guid: c871e8dbd11bd5541bd80b284fa2674c, type: 3}
--- !u!4 &4047570923568867292 stripped
Transform:
  m_CorrespondingSourceObject: {fileID: 3844799713642409334, guid: c871e8dbd11bd5541bd80b284fa2674c,
    type: 3}
  m_PrefabInstance: {fileID: 968455027157387946}
  m_PrefabAsset: {fileID: 0}
--- !u!1 &4462101010271133653 stripped
GameObject:
  m_CorrespondingSourceObject: {fileID: 3502733490291938687, guid: c871e8dbd11bd5541bd80b284fa2674c,
    type: 3}
  m_PrefabInstance: {fileID: 968455027157387946}
  m_PrefabAsset: {fileID: 0}
--- !u!4 &2233102424076153729 stripped
Transform:
  m_CorrespondingSourceObject: {fileID: 1408842069827860779, guid: c871e8dbd11bd5541bd80b284fa2674c,
    type: 3}
  m_PrefabInstance: {fileID: 968455027157387946}
  m_PrefabAsset: {fileID: 0}
--- !u!1 &4047570923568867293 stripped
GameObject:
  m_CorrespondingSourceObject: {fileID: 3844799713642409335, guid: c871e8dbd11bd5541bd80b284fa2674c,
    type: 3}
  m_PrefabInstance: {fileID: 968455027157387946}
  m_PrefabAsset: {fileID: 0}
--- !u!114 &676488279827128895
MonoBehaviour:
  m_ObjectHideFlags: 0
  m_CorrespondingSourceObject: {fileID: 0}
  m_PrefabInstance: {fileID: 0}
  m_PrefabAsset: {fileID: 0}
  m_GameObject: {fileID: 4047570923568867293}
  m_Enabled: 1
  m_EditorHideFlags: 0
  m_Script: {fileID: 11500000, guid: 6fa3ef1e23d620c41b8df5d1dcf347de, type: 3}
  m_Name: 
  m_EditorClassIdentifier: 
  buttonStands:
  - {fileID: 3008477032941467226}
  - {fileID: 8495851056063812654}
  - {fileID: 1715078879774845488}
  - {fileID: 9167672736236276939}
  doorAnimator: {fileID: 3232587002524378586}
  doorAnimationTrigger: OpenDoor
  doorOpen:
    m_PersistentCalls:
      m_Calls: []
--- !u!95 &3232587002524378586
Animator:
  serializedVersion: 3
  m_ObjectHideFlags: 0
  m_CorrespondingSourceObject: {fileID: 0}
  m_PrefabInstance: {fileID: 0}
  m_PrefabAsset: {fileID: 0}
  m_GameObject: {fileID: 4462101010271133653}
  m_Enabled: 1
  m_Avatar: {fileID: 0}
  m_Controller: {fileID: 9100000, guid: ee9c9c52c7fbbc24b964d9c0369b87e5, type: 2}
  m_CullingMode: 0
  m_UpdateMode: 0
  m_ApplyRootMotion: 0
  m_LinearVelocityBlending: 0
  m_WarningMessage: 
  m_HasTransformHierarchy: 1
  m_AllowConstantClipSamplingOptimization: 1
  m_KeepAnimatorControllerStateOnDisable: 0
--- !u!1001 &1056915474121350082
PrefabInstance:
  m_ObjectHideFlags: 0
  serializedVersion: 2
  m_Modification:
    m_TransformParent: {fileID: 3736622231637290652}
    m_Modifications:
    - target: {fileID: 7593767876201384477, guid: 228aabb6ab7e06243a53cada6371b3e9,
        type: 3}
      propertyPath: m_Name
      value: Torch-4
      objectReference: {fileID: 0}
    - target: {fileID: 7593767876201735741, guid: 228aabb6ab7e06243a53cada6371b3e9,
        type: 3}
      propertyPath: m_RootOrder
      value: 3
      objectReference: {fileID: 0}
    - target: {fileID: 7593767876201735741, guid: 228aabb6ab7e06243a53cada6371b3e9,
        type: 3}
      propertyPath: m_LocalPosition.x
      value: -1.4
      objectReference: {fileID: 0}
    - target: {fileID: 7593767876201735741, guid: 228aabb6ab7e06243a53cada6371b3e9,
        type: 3}
      propertyPath: m_LocalPosition.y
      value: 0
      objectReference: {fileID: 0}
    - target: {fileID: 7593767876201735741, guid: 228aabb6ab7e06243a53cada6371b3e9,
        type: 3}
      propertyPath: m_LocalPosition.z
      value: 0
      objectReference: {fileID: 0}
    - target: {fileID: 7593767876201735741, guid: 228aabb6ab7e06243a53cada6371b3e9,
        type: 3}
      propertyPath: m_LocalRotation.w
      value: 1
      objectReference: {fileID: 0}
    - target: {fileID: 7593767876201735741, guid: 228aabb6ab7e06243a53cada6371b3e9,
        type: 3}
      propertyPath: m_LocalRotation.x
      value: -0
      objectReference: {fileID: 0}
    - target: {fileID: 7593767876201735741, guid: 228aabb6ab7e06243a53cada6371b3e9,
        type: 3}
      propertyPath: m_LocalRotation.y
      value: -0
      objectReference: {fileID: 0}
    - target: {fileID: 7593767876201735741, guid: 228aabb6ab7e06243a53cada6371b3e9,
        type: 3}
      propertyPath: m_LocalRotation.z
      value: -0
      objectReference: {fileID: 0}
    - target: {fileID: 7593767876201735741, guid: 228aabb6ab7e06243a53cada6371b3e9,
        type: 3}
      propertyPath: m_LocalEulerAnglesHint.x
      value: 0
      objectReference: {fileID: 0}
    - target: {fileID: 7593767876201735741, guid: 228aabb6ab7e06243a53cada6371b3e9,
        type: 3}
      propertyPath: m_LocalEulerAnglesHint.y
      value: 0
      objectReference: {fileID: 0}
    - target: {fileID: 7593767876201735741, guid: 228aabb6ab7e06243a53cada6371b3e9,
        type: 3}
      propertyPath: m_LocalEulerAnglesHint.z
      value: 0
      objectReference: {fileID: 0}
    m_RemovedComponents: []
  m_SourcePrefab: {fileID: 100100000, guid: 228aabb6ab7e06243a53cada6371b3e9, type: 3}
--- !u!114 &6622667296350606708 stripped
MonoBehaviour:
  m_CorrespondingSourceObject: {fileID: 6143644191287070390, guid: 228aabb6ab7e06243a53cada6371b3e9,
    type: 3}
  m_PrefabInstance: {fileID: 1056915474121350082}
  m_PrefabAsset: {fileID: 0}
  m_GameObject: {fileID: 0}
  m_Enabled: 1
  m_EditorHideFlags: 0
  m_Script: {fileID: 11500000, guid: 1dde29e5f6a02cd438dcaf977d3a28d8, type: 3}
  m_Name: 
  m_EditorClassIdentifier: 
--- !u!4 &7478386200254561791 stripped
Transform:
  m_CorrespondingSourceObject: {fileID: 7593767876201735741, guid: 228aabb6ab7e06243a53cada6371b3e9,
    type: 3}
  m_PrefabInstance: {fileID: 1056915474121350082}
  m_PrefabAsset: {fileID: 0}
--- !u!1001 &1508680002250679875
PrefabInstance:
  m_ObjectHideFlags: 0
  serializedVersion: 2
  m_Modification:
    m_TransformParent: {fileID: 899629610875436331}
    m_Modifications:
    - target: {fileID: 225962079933303923, guid: 8b42b332d0195ed4fb6111fcb3d50ab6,
        type: 3}
      propertyPath: standIndex
      value: 3
      objectReference: {fileID: 0}
    - target: {fileID: 225962079933303923, guid: 8b42b332d0195ed4fb6111fcb3d50ab6,
        type: 3}
      propertyPath: linkedTorch
      value: 
      objectReference: {fileID: 2766261702036589731}
    - target: {fileID: 225962079933303923, guid: 8b42b332d0195ed4fb6111fcb3d50ab6,
        type: 3}
      propertyPath: goNext.m_PersistentCalls.m_Calls.Array.data[0].m_Target
      value: 
      objectReference: {fileID: 676488279827128895}
    - target: {fileID: 225962079933303923, guid: 8b42b332d0195ed4fb6111fcb3d50ab6,
        type: 3}
      propertyPath: goNext.m_PersistentCalls.m_Calls.Array.data[0].m_MethodName
      value: GoNext
      objectReference: {fileID: 0}
    - target: {fileID: 225962079933303923, guid: 8b42b332d0195ed4fb6111fcb3d50ab6,
        type: 3}
      propertyPath: resetEverything.m_PersistentCalls.m_Calls.Array.data[0].m_Target
      value: 
      objectReference: {fileID: 676488279827128895}
    - target: {fileID: 225962079933303923, guid: 8b42b332d0195ed4fb6111fcb3d50ab6,
        type: 3}
      propertyPath: resetEverything.m_PersistentCalls.m_Calls.Array.data[0].m_MethodName
      value: ResetEverything
      objectReference: {fileID: 0}
    - target: {fileID: 225962079933303923, guid: 8b42b332d0195ed4fb6111fcb3d50ab6,
        type: 3}
      propertyPath: goNext.m_PersistentCalls.m_Calls.Array.data[0].m_TargetAssemblyTypeName
      value: Level3Controller, Assembly-CSharp
      objectReference: {fileID: 0}
    - target: {fileID: 225962079933303923, guid: 8b42b332d0195ed4fb6111fcb3d50ab6,
        type: 3}
      propertyPath: resetEverything.m_PersistentCalls.m_Calls.Array.data[0].m_TargetAssemblyTypeName
      value: Level3Controller, Assembly-CSharp
      objectReference: {fileID: 0}
    - target: {fileID: 225962079933303923, guid: 8b42b332d0195ed4fb6111fcb3d50ab6,
        type: 3}
      propertyPath: goNext.m_PersistentCalls.m_Calls.Array.data[0].m_Arguments.m_ObjectArgumentAssemblyTypeName
      value: UnityEngine.Object, UnityEngine
      objectReference: {fileID: 0}
    - target: {fileID: 225962079933303923, guid: 8b42b332d0195ed4fb6111fcb3d50ab6,
        type: 3}
      propertyPath: resetEverything.m_PersistentCalls.m_Calls.Array.data[0].m_Arguments.m_ObjectArgumentAssemblyTypeName
      value: UnityEngine.Object, UnityEngine
      objectReference: {fileID: 0}
    - target: {fileID: 2164744700753891090, guid: 8b42b332d0195ed4fb6111fcb3d50ab6,
        type: 3}
      propertyPath: m_Name
      value: Button_Prefab-3
      objectReference: {fileID: 0}
    - target: {fileID: 2164744700753891310, guid: 8b42b332d0195ed4fb6111fcb3d50ab6,
        type: 3}
      propertyPath: m_RootOrder
      value: 2
      objectReference: {fileID: 0}
    - target: {fileID: 2164744700753891310, guid: 8b42b332d0195ed4fb6111fcb3d50ab6,
        type: 3}
      propertyPath: m_LocalPosition.x
      value: -0.75
      objectReference: {fileID: 0}
    - target: {fileID: 2164744700753891310, guid: 8b42b332d0195ed4fb6111fcb3d50ab6,
        type: 3}
      propertyPath: m_LocalPosition.y
      value: 0
      objectReference: {fileID: 0}
    - target: {fileID: 2164744700753891310, guid: 8b42b332d0195ed4fb6111fcb3d50ab6,
        type: 3}
      propertyPath: m_LocalPosition.z
      value: 0
      objectReference: {fileID: 0}
    - target: {fileID: 2164744700753891310, guid: 8b42b332d0195ed4fb6111fcb3d50ab6,
        type: 3}
      propertyPath: m_LocalRotation.w
      value: 1
      objectReference: {fileID: 0}
    - target: {fileID: 2164744700753891310, guid: 8b42b332d0195ed4fb6111fcb3d50ab6,
        type: 3}
      propertyPath: m_LocalRotation.x
      value: -0
      objectReference: {fileID: 0}
    - target: {fileID: 2164744700753891310, guid: 8b42b332d0195ed4fb6111fcb3d50ab6,
        type: 3}
      propertyPath: m_LocalRotation.y
      value: -0
      objectReference: {fileID: 0}
    - target: {fileID: 2164744700753891310, guid: 8b42b332d0195ed4fb6111fcb3d50ab6,
        type: 3}
      propertyPath: m_LocalRotation.z
      value: -0
      objectReference: {fileID: 0}
    - target: {fileID: 2164744700753891310, guid: 8b42b332d0195ed4fb6111fcb3d50ab6,
        type: 3}
      propertyPath: m_LocalEulerAnglesHint.x
      value: 0
      objectReference: {fileID: 0}
    - target: {fileID: 2164744700753891310, guid: 8b42b332d0195ed4fb6111fcb3d50ab6,
        type: 3}
      propertyPath: m_LocalEulerAnglesHint.y
      value: 0
      objectReference: {fileID: 0}
    - target: {fileID: 2164744700753891310, guid: 8b42b332d0195ed4fb6111fcb3d50ab6,
        type: 3}
      propertyPath: m_LocalEulerAnglesHint.z
      value: 0
      objectReference: {fileID: 0}
    m_RemovedComponents: []
  m_SourcePrefab: {fileID: 100100000, guid: 8b42b332d0195ed4fb6111fcb3d50ab6, type: 3}
--- !u!4 &785138859305036205 stripped
Transform:
  m_CorrespondingSourceObject: {fileID: 2164744700753891310, guid: 8b42b332d0195ed4fb6111fcb3d50ab6,
    type: 3}
  m_PrefabInstance: {fileID: 1508680002250679875}
  m_PrefabAsset: {fileID: 0}
--- !u!114 &1715078879774845488 stripped
MonoBehaviour:
  m_CorrespondingSourceObject: {fileID: 225962079933303923, guid: 8b42b332d0195ed4fb6111fcb3d50ab6,
    type: 3}
  m_PrefabInstance: {fileID: 1508680002250679875}
  m_PrefabAsset: {fileID: 0}
  m_GameObject: {fileID: 0}
  m_Enabled: 1
  m_EditorHideFlags: 0
  m_Script: {fileID: 11500000, guid: 5f194cdf81d034e40bea1c009ae66619, type: 3}
  m_Name: 
  m_EditorClassIdentifier: 
--- !u!1001 &1575699031406846970
PrefabInstance:
  m_ObjectHideFlags: 0
  serializedVersion: 2
  m_Modification:
    m_TransformParent: {fileID: 3736622231637290652}
    m_Modifications:
    - target: {fileID: 7593767876201384477, guid: 228aabb6ab7e06243a53cada6371b3e9,
        type: 3}
      propertyPath: m_Name
      value: Torch-1
      objectReference: {fileID: 0}
    - target: {fileID: 7593767876201735741, guid: 228aabb6ab7e06243a53cada6371b3e9,
        type: 3}
      propertyPath: m_RootOrder
      value: 0
      objectReference: {fileID: 0}
    - target: {fileID: 7593767876201735741, guid: 228aabb6ab7e06243a53cada6371b3e9,
        type: 3}
      propertyPath: m_LocalPosition.x
      value: 1.4
      objectReference: {fileID: 0}
    - target: {fileID: 7593767876201735741, guid: 228aabb6ab7e06243a53cada6371b3e9,
        type: 3}
      propertyPath: m_LocalPosition.y
      value: 0
      objectReference: {fileID: 0}
    - target: {fileID: 7593767876201735741, guid: 228aabb6ab7e06243a53cada6371b3e9,
        type: 3}
      propertyPath: m_LocalPosition.z
      value: 0
      objectReference: {fileID: 0}
    - target: {fileID: 7593767876201735741, guid: 228aabb6ab7e06243a53cada6371b3e9,
        type: 3}
      propertyPath: m_LocalRotation.w
      value: 1
      objectReference: {fileID: 0}
    - target: {fileID: 7593767876201735741, guid: 228aabb6ab7e06243a53cada6371b3e9,
        type: 3}
      propertyPath: m_LocalRotation.x
      value: -0
      objectReference: {fileID: 0}
    - target: {fileID: 7593767876201735741, guid: 228aabb6ab7e06243a53cada6371b3e9,
        type: 3}
      propertyPath: m_LocalRotation.y
      value: -0
      objectReference: {fileID: 0}
    - target: {fileID: 7593767876201735741, guid: 228aabb6ab7e06243a53cada6371b3e9,
        type: 3}
      propertyPath: m_LocalRotation.z
      value: -0
      objectReference: {fileID: 0}
    - target: {fileID: 7593767876201735741, guid: 228aabb6ab7e06243a53cada6371b3e9,
        type: 3}
      propertyPath: m_LocalEulerAnglesHint.x
      value: 0
      objectReference: {fileID: 0}
    - target: {fileID: 7593767876201735741, guid: 228aabb6ab7e06243a53cada6371b3e9,
        type: 3}
      propertyPath: m_LocalEulerAnglesHint.y
      value: 0
      objectReference: {fileID: 0}
    - target: {fileID: 7593767876201735741, guid: 228aabb6ab7e06243a53cada6371b3e9,
        type: 3}
      propertyPath: m_LocalEulerAnglesHint.z
      value: 0
      objectReference: {fileID: 0}
    m_RemovedComponents: []
  m_SourcePrefab: {fileID: 100100000, guid: 228aabb6ab7e06243a53cada6371b3e9, type: 3}
--- !u!4 &8988193431484908999 stripped
Transform:
  m_CorrespondingSourceObject: {fileID: 7593767876201735741, guid: 228aabb6ab7e06243a53cada6371b3e9,
    type: 3}
  m_PrefabInstance: {fileID: 1575699031406846970}
  m_PrefabAsset: {fileID: 0}
--- !u!114 &4655765701038992716 stripped
MonoBehaviour:
  m_CorrespondingSourceObject: {fileID: 6143644191287070390, guid: 228aabb6ab7e06243a53cada6371b3e9,
    type: 3}
  m_PrefabInstance: {fileID: 1575699031406846970}
  m_PrefabAsset: {fileID: 0}
  m_GameObject: {fileID: 0}
  m_Enabled: 1
  m_EditorHideFlags: 0
  m_Script: {fileID: 11500000, guid: 1dde29e5f6a02cd438dcaf977d3a28d8, type: 3}
  m_Name: 
  m_EditorClassIdentifier: 
--- !u!1001 &1583442727376668657
PrefabInstance:
  m_ObjectHideFlags: 0
  serializedVersion: 2
  m_Modification:
    m_TransformParent: {fileID: 3736622231637290652}
    m_Modifications:
    - target: {fileID: 7593767876201384477, guid: 228aabb6ab7e06243a53cada6371b3e9,
        type: 3}
      propertyPath: m_Name
      value: Torch-2
      objectReference: {fileID: 0}
    - target: {fileID: 7593767876201735741, guid: 228aabb6ab7e06243a53cada6371b3e9,
        type: 3}
      propertyPath: m_RootOrder
      value: 1
      objectReference: {fileID: 0}
    - target: {fileID: 7593767876201735741, guid: 228aabb6ab7e06243a53cada6371b3e9,
        type: 3}
      propertyPath: m_LocalPosition.x
      value: 0.85
      objectReference: {fileID: 0}
    - target: {fileID: 7593767876201735741, guid: 228aabb6ab7e06243a53cada6371b3e9,
        type: 3}
      propertyPath: m_LocalPosition.y
      value: 0
      objectReference: {fileID: 0}
    - target: {fileID: 7593767876201735741, guid: 228aabb6ab7e06243a53cada6371b3e9,
        type: 3}
      propertyPath: m_LocalPosition.z
      value: 0
      objectReference: {fileID: 0}
    - target: {fileID: 7593767876201735741, guid: 228aabb6ab7e06243a53cada6371b3e9,
        type: 3}
      propertyPath: m_LocalRotation.w
      value: 1
      objectReference: {fileID: 0}
    - target: {fileID: 7593767876201735741, guid: 228aabb6ab7e06243a53cada6371b3e9,
        type: 3}
      propertyPath: m_LocalRotation.x
      value: -0
      objectReference: {fileID: 0}
    - target: {fileID: 7593767876201735741, guid: 228aabb6ab7e06243a53cada6371b3e9,
        type: 3}
      propertyPath: m_LocalRotation.y
      value: -0
      objectReference: {fileID: 0}
    - target: {fileID: 7593767876201735741, guid: 228aabb6ab7e06243a53cada6371b3e9,
        type: 3}
      propertyPath: m_LocalRotation.z
      value: -0
      objectReference: {fileID: 0}
    - target: {fileID: 7593767876201735741, guid: 228aabb6ab7e06243a53cada6371b3e9,
        type: 3}
      propertyPath: m_LocalEulerAnglesHint.x
      value: 0
      objectReference: {fileID: 0}
    - target: {fileID: 7593767876201735741, guid: 228aabb6ab7e06243a53cada6371b3e9,
        type: 3}
      propertyPath: m_LocalEulerAnglesHint.y
      value: 0
      objectReference: {fileID: 0}
    - target: {fileID: 7593767876201735741, guid: 228aabb6ab7e06243a53cada6371b3e9,
        type: 3}
      propertyPath: m_LocalEulerAnglesHint.z
      value: 0
      objectReference: {fileID: 0}
    m_RemovedComponents: []
  m_SourcePrefab: {fileID: 100100000, guid: 228aabb6ab7e06243a53cada6371b3e9, type: 3}
--- !u!4 &8979051083711160780 stripped
Transform:
  m_CorrespondingSourceObject: {fileID: 7593767876201735741, guid: 228aabb6ab7e06243a53cada6371b3e9,
    type: 3}
  m_PrefabInstance: {fileID: 1583442727376668657}
  m_PrefabAsset: {fileID: 0}
--- !u!114 &4664356001635928391 stripped
MonoBehaviour:
  m_CorrespondingSourceObject: {fileID: 6143644191287070390, guid: 228aabb6ab7e06243a53cada6371b3e9,
    type: 3}
  m_PrefabInstance: {fileID: 1583442727376668657}
  m_PrefabAsset: {fileID: 0}
  m_GameObject: {fileID: 0}
  m_Enabled: 1
  m_EditorHideFlags: 0
  m_Script: {fileID: 11500000, guid: 1dde29e5f6a02cd438dcaf977d3a28d8, type: 3}
  m_Name: 
  m_EditorClassIdentifier: 
--- !u!1001 &2546673431759175742
PrefabInstance:
  m_ObjectHideFlags: 0
  serializedVersion: 2
  m_Modification:
    m_TransformParent: {fileID: 6080888130895949163}
    m_Modifications:
    - target: {fileID: 118522, guid: aebf24aa57894961bfe5b60492dd5bdd, type: 3}
      propertyPath: m_Name
      value: Candlestick_Floor_02_Lit
      objectReference: {fileID: 0}
    - target: {fileID: 418528, guid: aebf24aa57894961bfe5b60492dd5bdd, type: 3}
      propertyPath: m_RootOrder
      value: 2
      objectReference: {fileID: 0}
    - target: {fileID: 418528, guid: aebf24aa57894961bfe5b60492dd5bdd, type: 3}
      propertyPath: m_LocalPosition.x
      value: 1.85
      objectReference: {fileID: 0}
    - target: {fileID: 418528, guid: aebf24aa57894961bfe5b60492dd5bdd, type: 3}
      propertyPath: m_LocalPosition.y
      value: 0
      objectReference: {fileID: 0}
    - target: {fileID: 418528, guid: aebf24aa57894961bfe5b60492dd5bdd, type: 3}
      propertyPath: m_LocalPosition.z
      value: 1.85
      objectReference: {fileID: 0}
    - target: {fileID: 418528, guid: aebf24aa57894961bfe5b60492dd5bdd, type: 3}
      propertyPath: m_LocalRotation.w
      value: 1
      objectReference: {fileID: 0}
    - target: {fileID: 418528, guid: aebf24aa57894961bfe5b60492dd5bdd, type: 3}
      propertyPath: m_LocalRotation.x
      value: -0
      objectReference: {fileID: 0}
    - target: {fileID: 418528, guid: aebf24aa57894961bfe5b60492dd5bdd, type: 3}
      propertyPath: m_LocalRotation.y
      value: -0
      objectReference: {fileID: 0}
    - target: {fileID: 418528, guid: aebf24aa57894961bfe5b60492dd5bdd, type: 3}
      propertyPath: m_LocalRotation.z
      value: -0
      objectReference: {fileID: 0}
    - target: {fileID: 418528, guid: aebf24aa57894961bfe5b60492dd5bdd, type: 3}
      propertyPath: m_LocalEulerAnglesHint.x
      value: 0
      objectReference: {fileID: 0}
    - target: {fileID: 418528, guid: aebf24aa57894961bfe5b60492dd5bdd, type: 3}
      propertyPath: m_LocalEulerAnglesHint.y
      value: 0
      objectReference: {fileID: 0}
    - target: {fileID: 418528, guid: aebf24aa57894961bfe5b60492dd5bdd, type: 3}
      propertyPath: m_LocalEulerAnglesHint.z
      value: 0
      objectReference: {fileID: 0}
    m_RemovedComponents: []
  m_SourcePrefab: {fileID: 100100000, guid: aebf24aa57894961bfe5b60492dd5bdd, type: 3}
--- !u!4 &2546673431758775006 stripped
Transform:
  m_CorrespondingSourceObject: {fileID: 418528, guid: aebf24aa57894961bfe5b60492dd5bdd,
    type: 3}
  m_PrefabInstance: {fileID: 2546673431759175742}
  m_PrefabAsset: {fileID: 0}
--- !u!1001 &3090180434131663401
PrefabInstance:
  m_ObjectHideFlags: 0
  serializedVersion: 2
  m_Modification:
    m_TransformParent: {fileID: 899629610875436331}
    m_Modifications:
    - target: {fileID: 225962079933303923, guid: 8b42b332d0195ed4fb6111fcb3d50ab6,
        type: 3}
      propertyPath: standIndex
      value: 1
      objectReference: {fileID: 0}
    - target: {fileID: 225962079933303923, guid: 8b42b332d0195ed4fb6111fcb3d50ab6,
        type: 3}
      propertyPath: linkedTorch
      value: 
      objectReference: {fileID: 4655765701038992716}
    - target: {fileID: 225962079933303923, guid: 8b42b332d0195ed4fb6111fcb3d50ab6,
        type: 3}
      propertyPath: goNext.m_PersistentCalls.m_Calls.Array.data[0].m_Target
      value: 
      objectReference: {fileID: 676488279827128895}
    - target: {fileID: 225962079933303923, guid: 8b42b332d0195ed4fb6111fcb3d50ab6,
        type: 3}
      propertyPath: goNext.m_PersistentCalls.m_Calls.Array.data[0].m_MethodName
      value: GoNext
      objectReference: {fileID: 0}
    - target: {fileID: 225962079933303923, guid: 8b42b332d0195ed4fb6111fcb3d50ab6,
        type: 3}
      propertyPath: resetEverything.m_PersistentCalls.m_Calls.Array.data[0].m_Target
      value: 
      objectReference: {fileID: 676488279827128895}
    - target: {fileID: 225962079933303923, guid: 8b42b332d0195ed4fb6111fcb3d50ab6,
        type: 3}
      propertyPath: resetEverything.m_PersistentCalls.m_Calls.Array.data[0].m_MethodName
      value: ResetEverything
      objectReference: {fileID: 0}
    - target: {fileID: 225962079933303923, guid: 8b42b332d0195ed4fb6111fcb3d50ab6,
        type: 3}
      propertyPath: goNext.m_PersistentCalls.m_Calls.Array.data[0].m_TargetAssemblyTypeName
      value: Level3Controller, Assembly-CSharp
      objectReference: {fileID: 0}
    - target: {fileID: 225962079933303923, guid: 8b42b332d0195ed4fb6111fcb3d50ab6,
        type: 3}
      propertyPath: resetEverything.m_PersistentCalls.m_Calls.Array.data[0].m_TargetAssemblyTypeName
      value: Level3Controller, Assembly-CSharp
      objectReference: {fileID: 0}
    - target: {fileID: 225962079933303923, guid: 8b42b332d0195ed4fb6111fcb3d50ab6,
        type: 3}
      propertyPath: goNext.m_PersistentCalls.m_Calls.Array.data[0].m_Arguments.m_ObjectArgumentAssemblyTypeName
      value: UnityEngine.Object, UnityEngine
      objectReference: {fileID: 0}
    - target: {fileID: 225962079933303923, guid: 8b42b332d0195ed4fb6111fcb3d50ab6,
        type: 3}
      propertyPath: resetEverything.m_PersistentCalls.m_Calls.Array.data[0].m_Arguments.m_ObjectArgumentAssemblyTypeName
      value: UnityEngine.Object, UnityEngine
      objectReference: {fileID: 0}
    - target: {fileID: 2164744700753891090, guid: 8b42b332d0195ed4fb6111fcb3d50ab6,
        type: 3}
      propertyPath: m_Name
      value: Button_Prefab-1
      objectReference: {fileID: 0}
    - target: {fileID: 2164744700753891310, guid: 8b42b332d0195ed4fb6111fcb3d50ab6,
        type: 3}
      propertyPath: m_RootOrder
      value: 0
      objectReference: {fileID: 0}
    - target: {fileID: 2164744700753891310, guid: 8b42b332d0195ed4fb6111fcb3d50ab6,
        type: 3}
      propertyPath: m_LocalPosition.x
      value: 1.5
      objectReference: {fileID: 0}
    - target: {fileID: 2164744700753891310, guid: 8b42b332d0195ed4fb6111fcb3d50ab6,
        type: 3}
      propertyPath: m_LocalPosition.y
      value: 0
      objectReference: {fileID: 0}
    - target: {fileID: 2164744700753891310, guid: 8b42b332d0195ed4fb6111fcb3d50ab6,
        type: 3}
      propertyPath: m_LocalPosition.z
      value: 0
      objectReference: {fileID: 0}
    - target: {fileID: 2164744700753891310, guid: 8b42b332d0195ed4fb6111fcb3d50ab6,
        type: 3}
      propertyPath: m_LocalRotation.w
      value: 1
      objectReference: {fileID: 0}
    - target: {fileID: 2164744700753891310, guid: 8b42b332d0195ed4fb6111fcb3d50ab6,
        type: 3}
      propertyPath: m_LocalRotation.x
      value: -0
      objectReference: {fileID: 0}
    - target: {fileID: 2164744700753891310, guid: 8b42b332d0195ed4fb6111fcb3d50ab6,
        type: 3}
      propertyPath: m_LocalRotation.y
      value: -0
      objectReference: {fileID: 0}
    - target: {fileID: 2164744700753891310, guid: 8b42b332d0195ed4fb6111fcb3d50ab6,
        type: 3}
      propertyPath: m_LocalRotation.z
      value: -0
      objectReference: {fileID: 0}
    - target: {fileID: 2164744700753891310, guid: 8b42b332d0195ed4fb6111fcb3d50ab6,
        type: 3}
      propertyPath: m_LocalEulerAnglesHint.x
      value: 0
      objectReference: {fileID: 0}
    - target: {fileID: 2164744700753891310, guid: 8b42b332d0195ed4fb6111fcb3d50ab6,
        type: 3}
      propertyPath: m_LocalEulerAnglesHint.y
      value: 0
      objectReference: {fileID: 0}
    - target: {fileID: 2164744700753891310, guid: 8b42b332d0195ed4fb6111fcb3d50ab6,
        type: 3}
      propertyPath: m_LocalEulerAnglesHint.z
      value: 0
      objectReference: {fileID: 0}
    m_RemovedComponents: []
  m_SourcePrefab: {fileID: 100100000, guid: 8b42b332d0195ed4fb6111fcb3d50ab6, type: 3}
--- !u!4 &3812351430830847431 stripped
Transform:
  m_CorrespondingSourceObject: {fileID: 2164744700753891310, guid: 8b42b332d0195ed4fb6111fcb3d50ab6,
    type: 3}
  m_PrefabInstance: {fileID: 3090180434131663401}
  m_PrefabAsset: {fileID: 0}
--- !u!114 &3008477032941467226 stripped
MonoBehaviour:
  m_CorrespondingSourceObject: {fileID: 225962079933303923, guid: 8b42b332d0195ed4fb6111fcb3d50ab6,
    type: 3}
  m_PrefabInstance: {fileID: 3090180434131663401}
  m_PrefabAsset: {fileID: 0}
  m_GameObject: {fileID: 0}
  m_Enabled: 1
  m_EditorHideFlags: 0
  m_Script: {fileID: 11500000, guid: 5f194cdf81d034e40bea1c009ae66619, type: 3}
  m_Name: 
  m_EditorClassIdentifier: 
--- !u!1001 &6269659353494555415
PrefabInstance:
  m_ObjectHideFlags: 0
  serializedVersion: 2
  m_Modification:
    m_TransformParent: {fileID: 6080888130895949163}
    m_Modifications:
    - target: {fileID: 118522, guid: aebf24aa57894961bfe5b60492dd5bdd, type: 3}
      propertyPath: m_Name
      value: Candlestick_Floor_02_Lit
      objectReference: {fileID: 0}
    - target: {fileID: 418528, guid: aebf24aa57894961bfe5b60492dd5bdd, type: 3}
      propertyPath: m_RootOrder
      value: 0
      objectReference: {fileID: 0}
    - target: {fileID: 418528, guid: aebf24aa57894961bfe5b60492dd5bdd, type: 3}
      propertyPath: m_LocalPosition.x
      value: -1.85
      objectReference: {fileID: 0}
    - target: {fileID: 418528, guid: aebf24aa57894961bfe5b60492dd5bdd, type: 3}
      propertyPath: m_LocalPosition.y
      value: 0
      objectReference: {fileID: 0}
    - target: {fileID: 418528, guid: aebf24aa57894961bfe5b60492dd5bdd, type: 3}
      propertyPath: m_LocalPosition.z
      value: 1.85
      objectReference: {fileID: 0}
    - target: {fileID: 418528, guid: aebf24aa57894961bfe5b60492dd5bdd, type: 3}
      propertyPath: m_LocalRotation.w
      value: 1
      objectReference: {fileID: 0}
    - target: {fileID: 418528, guid: aebf24aa57894961bfe5b60492dd5bdd, type: 3}
      propertyPath: m_LocalRotation.x
      value: -0
      objectReference: {fileID: 0}
    - target: {fileID: 418528, guid: aebf24aa57894961bfe5b60492dd5bdd, type: 3}
      propertyPath: m_LocalRotation.y
      value: -0
      objectReference: {fileID: 0}
    - target: {fileID: 418528, guid: aebf24aa57894961bfe5b60492dd5bdd, type: 3}
      propertyPath: m_LocalRotation.z
      value: -0
      objectReference: {fileID: 0}
    - target: {fileID: 418528, guid: aebf24aa57894961bfe5b60492dd5bdd, type: 3}
      propertyPath: m_LocalEulerAnglesHint.x
      value: 0
      objectReference: {fileID: 0}
    - target: {fileID: 418528, guid: aebf24aa57894961bfe5b60492dd5bdd, type: 3}
      propertyPath: m_LocalEulerAnglesHint.y
      value: 0
      objectReference: {fileID: 0}
    - target: {fileID: 418528, guid: aebf24aa57894961bfe5b60492dd5bdd, type: 3}
      propertyPath: m_LocalEulerAnglesHint.z
      value: 0
      objectReference: {fileID: 0}
    m_RemovedComponents: []
  m_SourcePrefab: {fileID: 100100000, guid: aebf24aa57894961bfe5b60492dd5bdd, type: 3}
--- !u!4 &6269659353494186487 stripped
Transform:
  m_CorrespondingSourceObject: {fileID: 418528, guid: aebf24aa57894961bfe5b60492dd5bdd,
    type: 3}
  m_PrefabInstance: {fileID: 6269659353494555415}
  m_PrefabAsset: {fileID: 0}
--- !u!1001 &6965004111323240278
PrefabInstance:
  m_ObjectHideFlags: 0
  serializedVersion: 2
  m_Modification:
    m_TransformParent: {fileID: 6080888130895949163}
    m_Modifications:
    - target: {fileID: 118522, guid: aebf24aa57894961bfe5b60492dd5bdd, type: 3}
      propertyPath: m_Name
      value: Candlestick_Floor_02_Lit
      objectReference: {fileID: 0}
    - target: {fileID: 418528, guid: aebf24aa57894961bfe5b60492dd5bdd, type: 3}
      propertyPath: m_RootOrder
      value: 1
      objectReference: {fileID: 0}
    - target: {fileID: 418528, guid: aebf24aa57894961bfe5b60492dd5bdd, type: 3}
      propertyPath: m_LocalPosition.x
      value: -1.85
      objectReference: {fileID: 0}
    - target: {fileID: 418528, guid: aebf24aa57894961bfe5b60492dd5bdd, type: 3}
      propertyPath: m_LocalPosition.y
      value: 0
      objectReference: {fileID: 0}
    - target: {fileID: 418528, guid: aebf24aa57894961bfe5b60492dd5bdd, type: 3}
      propertyPath: m_LocalPosition.z
      value: -1.85
      objectReference: {fileID: 0}
    - target: {fileID: 418528, guid: aebf24aa57894961bfe5b60492dd5bdd, type: 3}
      propertyPath: m_LocalRotation.w
      value: 1
      objectReference: {fileID: 0}
    - target: {fileID: 418528, guid: aebf24aa57894961bfe5b60492dd5bdd, type: 3}
      propertyPath: m_LocalRotation.x
      value: -0
      objectReference: {fileID: 0}
    - target: {fileID: 418528, guid: aebf24aa57894961bfe5b60492dd5bdd, type: 3}
      propertyPath: m_LocalRotation.y
      value: -0
      objectReference: {fileID: 0}
    - target: {fileID: 418528, guid: aebf24aa57894961bfe5b60492dd5bdd, type: 3}
      propertyPath: m_LocalRotation.z
      value: -0
      objectReference: {fileID: 0}
    - target: {fileID: 418528, guid: aebf24aa57894961bfe5b60492dd5bdd, type: 3}
      propertyPath: m_LocalEulerAnglesHint.x
      value: 0
      objectReference: {fileID: 0}
    - target: {fileID: 418528, guid: aebf24aa57894961bfe5b60492dd5bdd, type: 3}
      propertyPath: m_LocalEulerAnglesHint.y
      value: 0
      objectReference: {fileID: 0}
    - target: {fileID: 418528, guid: aebf24aa57894961bfe5b60492dd5bdd, type: 3}
      propertyPath: m_LocalEulerAnglesHint.z
      value: 0
      objectReference: {fileID: 0}
    m_RemovedComponents: []
  m_SourcePrefab: {fileID: 100100000, guid: aebf24aa57894961bfe5b60492dd5bdd, type: 3}
--- !u!4 &6965004111322871222 stripped
Transform:
  m_CorrespondingSourceObject: {fileID: 418528, guid: aebf24aa57894961bfe5b60492dd5bdd,
    type: 3}
  m_PrefabInstance: {fileID: 6965004111323240278}
  m_PrefabAsset: {fileID: 0}
--- !u!1001 &8295955470467088917
PrefabInstance:
  m_ObjectHideFlags: 0
  serializedVersion: 2
  m_Modification:
    m_TransformParent: {fileID: 3736622231637290652}
    m_Modifications:
    - target: {fileID: 7593767876201384477, guid: 228aabb6ab7e06243a53cada6371b3e9,
        type: 3}
      propertyPath: m_Name
      value: Torch-3
      objectReference: {fileID: 0}
    - target: {fileID: 7593767876201735741, guid: 228aabb6ab7e06243a53cada6371b3e9,
        type: 3}
      propertyPath: m_RootOrder
      value: 2
      objectReference: {fileID: 0}
    - target: {fileID: 7593767876201735741, guid: 228aabb6ab7e06243a53cada6371b3e9,
        type: 3}
      propertyPath: m_LocalPosition.x
      value: -0.85
      objectReference: {fileID: 0}
    - target: {fileID: 7593767876201735741, guid: 228aabb6ab7e06243a53cada6371b3e9,
        type: 3}
      propertyPath: m_LocalPosition.y
      value: 0
      objectReference: {fileID: 0}
    - target: {fileID: 7593767876201735741, guid: 228aabb6ab7e06243a53cada6371b3e9,
        type: 3}
      propertyPath: m_LocalPosition.z
      value: 0
      objectReference: {fileID: 0}
    - target: {fileID: 7593767876201735741, guid: 228aabb6ab7e06243a53cada6371b3e9,
        type: 3}
      propertyPath: m_LocalRotation.w
      value: 1
      objectReference: {fileID: 0}
    - target: {fileID: 7593767876201735741, guid: 228aabb6ab7e06243a53cada6371b3e9,
        type: 3}
      propertyPath: m_LocalRotation.x
      value: -0
      objectReference: {fileID: 0}
    - target: {fileID: 7593767876201735741, guid: 228aabb6ab7e06243a53cada6371b3e9,
        type: 3}
      propertyPath: m_LocalRotation.y
      value: -0
      objectReference: {fileID: 0}
    - target: {fileID: 7593767876201735741, guid: 228aabb6ab7e06243a53cada6371b3e9,
        type: 3}
      propertyPath: m_LocalRotation.z
      value: -0
      objectReference: {fileID: 0}
    - target: {fileID: 7593767876201735741, guid: 228aabb6ab7e06243a53cada6371b3e9,
        type: 3}
      propertyPath: m_LocalEulerAnglesHint.x
      value: 0
      objectReference: {fileID: 0}
    - target: {fileID: 7593767876201735741, guid: 228aabb6ab7e06243a53cada6371b3e9,
        type: 3}
      propertyPath: m_LocalEulerAnglesHint.y
      value: 0
      objectReference: {fileID: 0}
    - target: {fileID: 7593767876201735741, guid: 228aabb6ab7e06243a53cada6371b3e9,
        type: 3}
      propertyPath: m_LocalEulerAnglesHint.z
      value: 0
      objectReference: {fileID: 0}
    m_RemovedComponents: []
  m_SourcePrefab: {fileID: 100100000, guid: 228aabb6ab7e06243a53cada6371b3e9, type: 3}
--- !u!114 &2766261702036589731 stripped
MonoBehaviour:
  m_CorrespondingSourceObject: {fileID: 6143644191287070390, guid: 228aabb6ab7e06243a53cada6371b3e9,
    type: 3}
  m_PrefabInstance: {fileID: 8295955470467088917}
  m_PrefabAsset: {fileID: 0}
  m_GameObject: {fileID: 0}
  m_Enabled: 1
  m_EditorHideFlags: 0
  m_Script: {fileID: 11500000, guid: 1dde29e5f6a02cd438dcaf977d3a28d8, type: 3}
  m_Name: 
  m_EditorClassIdentifier: 
--- !u!4 &1892457619828810792 stripped
Transform:
  m_CorrespondingSourceObject: {fileID: 7593767876201735741, guid: 228aabb6ab7e06243a53cada6371b3e9,
    type: 3}
  m_PrefabInstance: {fileID: 8295955470467088917}
  m_PrefabAsset: {fileID: 0}
--- !u!1001 &8558410310618028125
PrefabInstance:
  m_ObjectHideFlags: 0
  serializedVersion: 2
  m_Modification:
    m_TransformParent: {fileID: 899629610875436331}
    m_Modifications:
    - target: {fileID: 225962079933303923, guid: 8b42b332d0195ed4fb6111fcb3d50ab6,
        type: 3}
      propertyPath: standIndex
      value: 2
      objectReference: {fileID: 0}
    - target: {fileID: 225962079933303923, guid: 8b42b332d0195ed4fb6111fcb3d50ab6,
        type: 3}
      propertyPath: linkedTorch
      value: 
      objectReference: {fileID: 4664356001635928391}
    - target: {fileID: 225962079933303923, guid: 8b42b332d0195ed4fb6111fcb3d50ab6,
        type: 3}
      propertyPath: goNext.m_PersistentCalls.m_Calls.Array.data[0].m_Target
      value: 
      objectReference: {fileID: 676488279827128895}
    - target: {fileID: 225962079933303923, guid: 8b42b332d0195ed4fb6111fcb3d50ab6,
        type: 3}
      propertyPath: goNext.m_PersistentCalls.m_Calls.Array.data[0].m_MethodName
      value: GoNext
      objectReference: {fileID: 0}
    - target: {fileID: 225962079933303923, guid: 8b42b332d0195ed4fb6111fcb3d50ab6,
        type: 3}
      propertyPath: resetEverything.m_PersistentCalls.m_Calls.Array.data[0].m_Target
      value: 
      objectReference: {fileID: 676488279827128895}
    - target: {fileID: 225962079933303923, guid: 8b42b332d0195ed4fb6111fcb3d50ab6,
        type: 3}
      propertyPath: resetEverything.m_PersistentCalls.m_Calls.Array.data[0].m_MethodName
      value: ResetEverything
      objectReference: {fileID: 0}
    - target: {fileID: 225962079933303923, guid: 8b42b332d0195ed4fb6111fcb3d50ab6,
        type: 3}
      propertyPath: goNext.m_PersistentCalls.m_Calls.Array.data[0].m_TargetAssemblyTypeName
      value: Level3Controller, Assembly-CSharp
      objectReference: {fileID: 0}
    - target: {fileID: 225962079933303923, guid: 8b42b332d0195ed4fb6111fcb3d50ab6,
        type: 3}
      propertyPath: resetEverything.m_PersistentCalls.m_Calls.Array.data[0].m_TargetAssemblyTypeName
      value: Level3Controller, Assembly-CSharp
      objectReference: {fileID: 0}
    - target: {fileID: 225962079933303923, guid: 8b42b332d0195ed4fb6111fcb3d50ab6,
        type: 3}
      propertyPath: goNext.m_PersistentCalls.m_Calls.Array.data[0].m_Arguments.m_ObjectArgumentAssemblyTypeName
      value: UnityEngine.Object, UnityEngine
      objectReference: {fileID: 0}
    - target: {fileID: 225962079933303923, guid: 8b42b332d0195ed4fb6111fcb3d50ab6,
        type: 3}
      propertyPath: resetEverything.m_PersistentCalls.m_Calls.Array.data[0].m_Arguments.m_ObjectArgumentAssemblyTypeName
      value: UnityEngine.Object, UnityEngine
      objectReference: {fileID: 0}
    - target: {fileID: 2164744700753891090, guid: 8b42b332d0195ed4fb6111fcb3d50ab6,
        type: 3}
      propertyPath: m_Name
      value: Button_Prefab-2
      objectReference: {fileID: 0}
    - target: {fileID: 2164744700753891310, guid: 8b42b332d0195ed4fb6111fcb3d50ab6,
        type: 3}
      propertyPath: m_RootOrder
      value: 1
      objectReference: {fileID: 0}
    - target: {fileID: 2164744700753891310, guid: 8b42b332d0195ed4fb6111fcb3d50ab6,
        type: 3}
      propertyPath: m_LocalPosition.x
      value: 0.75
      objectReference: {fileID: 0}
    - target: {fileID: 2164744700753891310, guid: 8b42b332d0195ed4fb6111fcb3d50ab6,
        type: 3}
      propertyPath: m_LocalPosition.y
      value: 0
      objectReference: {fileID: 0}
    - target: {fileID: 2164744700753891310, guid: 8b42b332d0195ed4fb6111fcb3d50ab6,
        type: 3}
      propertyPath: m_LocalPosition.z
      value: 0
      objectReference: {fileID: 0}
    - target: {fileID: 2164744700753891310, guid: 8b42b332d0195ed4fb6111fcb3d50ab6,
        type: 3}
      propertyPath: m_LocalRotation.w
      value: 1
      objectReference: {fileID: 0}
    - target: {fileID: 2164744700753891310, guid: 8b42b332d0195ed4fb6111fcb3d50ab6,
        type: 3}
      propertyPath: m_LocalRotation.x
      value: -0
      objectReference: {fileID: 0}
    - target: {fileID: 2164744700753891310, guid: 8b42b332d0195ed4fb6111fcb3d50ab6,
        type: 3}
      propertyPath: m_LocalRotation.y
      value: -0
      objectReference: {fileID: 0}
    - target: {fileID: 2164744700753891310, guid: 8b42b332d0195ed4fb6111fcb3d50ab6,
        type: 3}
      propertyPath: m_LocalRotation.z
      value: -0
      objectReference: {fileID: 0}
    - target: {fileID: 2164744700753891310, guid: 8b42b332d0195ed4fb6111fcb3d50ab6,
        type: 3}
      propertyPath: m_LocalEulerAnglesHint.x
      value: 0
      objectReference: {fileID: 0}
    - target: {fileID: 2164744700753891310, guid: 8b42b332d0195ed4fb6111fcb3d50ab6,
        type: 3}
      propertyPath: m_LocalEulerAnglesHint.y
      value: 0
      objectReference: {fileID: 0}
    - target: {fileID: 2164744700753891310, guid: 8b42b332d0195ed4fb6111fcb3d50ab6,
        type: 3}
      propertyPath: m_LocalEulerAnglesHint.z
      value: 0
      objectReference: {fileID: 0}
    m_RemovedComponents: []
  m_SourcePrefab: {fileID: 100100000, guid: 8b42b332d0195ed4fb6111fcb3d50ab6, type: 3}
--- !u!4 &7552293597051475891 stripped
Transform:
  m_CorrespondingSourceObject: {fileID: 2164744700753891310, guid: 8b42b332d0195ed4fb6111fcb3d50ab6,
    type: 3}
  m_PrefabInstance: {fileID: 8558410310618028125}
  m_PrefabAsset: {fileID: 0}
--- !u!114 &8495851056063812654 stripped
MonoBehaviour:
  m_CorrespondingSourceObject: {fileID: 225962079933303923, guid: 8b42b332d0195ed4fb6111fcb3d50ab6,
    type: 3}
  m_PrefabInstance: {fileID: 8558410310618028125}
  m_PrefabAsset: {fileID: 0}
  m_GameObject: {fileID: 0}
  m_Enabled: 1
  m_EditorHideFlags: 0
  m_Script: {fileID: 11500000, guid: 5f194cdf81d034e40bea1c009ae66619, type: 3}
  m_Name: 
  m_EditorClassIdentifier: 
--- !u!1001 &8942137404354429112
PrefabInstance:
  m_ObjectHideFlags: 0
  serializedVersion: 2
  m_Modification:
    m_TransformParent: {fileID: 899629610875436331}
    m_Modifications:
    - target: {fileID: 225962079933303923, guid: 8b42b332d0195ed4fb6111fcb3d50ab6,
        type: 3}
      propertyPath: standIndex
      value: 4
      objectReference: {fileID: 0}
    - target: {fileID: 225962079933303923, guid: 8b42b332d0195ed4fb6111fcb3d50ab6,
        type: 3}
      propertyPath: linkedTorch
      value: 
      objectReference: {fileID: 6622667296350606708}
    - target: {fileID: 225962079933303923, guid: 8b42b332d0195ed4fb6111fcb3d50ab6,
        type: 3}
      propertyPath: goNext.m_PersistentCalls.m_Calls.Array.data[0].m_Target
      value: 
      objectReference: {fileID: 676488279827128895}
    - target: {fileID: 225962079933303923, guid: 8b42b332d0195ed4fb6111fcb3d50ab6,
        type: 3}
      propertyPath: goNext.m_PersistentCalls.m_Calls.Array.data[0].m_MethodName
      value: GoNext
      objectReference: {fileID: 0}
    - target: {fileID: 225962079933303923, guid: 8b42b332d0195ed4fb6111fcb3d50ab6,
        type: 3}
      propertyPath: resetEverything.m_PersistentCalls.m_Calls.Array.data[0].m_Target
      value: 
      objectReference: {fileID: 676488279827128895}
    - target: {fileID: 225962079933303923, guid: 8b42b332d0195ed4fb6111fcb3d50ab6,
        type: 3}
      propertyPath: resetEverything.m_PersistentCalls.m_Calls.Array.data[0].m_MethodName
      value: ResetEverything
      objectReference: {fileID: 0}
    - target: {fileID: 225962079933303923, guid: 8b42b332d0195ed4fb6111fcb3d50ab6,
        type: 3}
      propertyPath: goNext.m_PersistentCalls.m_Calls.Array.data[0].m_TargetAssemblyTypeName
      value: Level3Controller, Assembly-CSharp
      objectReference: {fileID: 0}
    - target: {fileID: 225962079933303923, guid: 8b42b332d0195ed4fb6111fcb3d50ab6,
        type: 3}
      propertyPath: resetEverything.m_PersistentCalls.m_Calls.Array.data[0].m_TargetAssemblyTypeName
      value: Level3Controller, Assembly-CSharp
      objectReference: {fileID: 0}
    - target: {fileID: 225962079933303923, guid: 8b42b332d0195ed4fb6111fcb3d50ab6,
        type: 3}
      propertyPath: goNext.m_PersistentCalls.m_Calls.Array.data[0].m_Arguments.m_ObjectArgumentAssemblyTypeName
      value: UnityEngine.Object, UnityEngine
      objectReference: {fileID: 0}
    - target: {fileID: 225962079933303923, guid: 8b42b332d0195ed4fb6111fcb3d50ab6,
        type: 3}
      propertyPath: resetEverything.m_PersistentCalls.m_Calls.Array.data[0].m_Arguments.m_ObjectArgumentAssemblyTypeName
      value: UnityEngine.Object, UnityEngine
      objectReference: {fileID: 0}
    - target: {fileID: 2164744700753891090, guid: 8b42b332d0195ed4fb6111fcb3d50ab6,
        type: 3}
      propertyPath: m_Name
      value: Button_Prefab-4
      objectReference: {fileID: 0}
    - target: {fileID: 2164744700753891310, guid: 8b42b332d0195ed4fb6111fcb3d50ab6,
        type: 3}
      propertyPath: m_RootOrder
      value: 3
      objectReference: {fileID: 0}
    - target: {fileID: 2164744700753891310, guid: 8b42b332d0195ed4fb6111fcb3d50ab6,
        type: 3}
      propertyPath: m_LocalPosition.x
      value: -1.5
      objectReference: {fileID: 0}
    - target: {fileID: 2164744700753891310, guid: 8b42b332d0195ed4fb6111fcb3d50ab6,
        type: 3}
      propertyPath: m_LocalPosition.y
      value: 0
      objectReference: {fileID: 0}
    - target: {fileID: 2164744700753891310, guid: 8b42b332d0195ed4fb6111fcb3d50ab6,
        type: 3}
      propertyPath: m_LocalPosition.z
      value: 0
      objectReference: {fileID: 0}
    - target: {fileID: 2164744700753891310, guid: 8b42b332d0195ed4fb6111fcb3d50ab6,
        type: 3}
      propertyPath: m_LocalRotation.w
      value: 1
      objectReference: {fileID: 0}
    - target: {fileID: 2164744700753891310, guid: 8b42b332d0195ed4fb6111fcb3d50ab6,
        type: 3}
      propertyPath: m_LocalRotation.x
      value: -0
      objectReference: {fileID: 0}
    - target: {fileID: 2164744700753891310, guid: 8b42b332d0195ed4fb6111fcb3d50ab6,
        type: 3}
      propertyPath: m_LocalRotation.y
      value: -0
      objectReference: {fileID: 0}
    - target: {fileID: 2164744700753891310, guid: 8b42b332d0195ed4fb6111fcb3d50ab6,
        type: 3}
      propertyPath: m_LocalRotation.z
      value: -0
      objectReference: {fileID: 0}
    - target: {fileID: 2164744700753891310, guid: 8b42b332d0195ed4fb6111fcb3d50ab6,
        type: 3}
      propertyPath: m_LocalEulerAnglesHint.x
      value: 0
      objectReference: {fileID: 0}
    - target: {fileID: 2164744700753891310, guid: 8b42b332d0195ed4fb6111fcb3d50ab6,
        type: 3}
      propertyPath: m_LocalEulerAnglesHint.y
      value: 0
      objectReference: {fileID: 0}
    - target: {fileID: 2164744700753891310, guid: 8b42b332d0195ed4fb6111fcb3d50ab6,
        type: 3}
      propertyPath: m_LocalEulerAnglesHint.z
      value: 0
      objectReference: {fileID: 0}
    m_RemovedComponents: []
  m_SourcePrefab: {fileID: 100100000, guid: 8b42b332d0195ed4fb6111fcb3d50ab6, type: 3}
--- !u!4 &7066830893295325014 stripped
Transform:
  m_CorrespondingSourceObject: {fileID: 2164744700753891310, guid: 8b42b332d0195ed4fb6111fcb3d50ab6,
    type: 3}
  m_PrefabInstance: {fileID: 8942137404354429112}
  m_PrefabAsset: {fileID: 0}
--- !u!114 &9167672736236276939 stripped
MonoBehaviour:
  m_CorrespondingSourceObject: {fileID: 225962079933303923, guid: 8b42b332d0195ed4fb6111fcb3d50ab6,
    type: 3}
  m_PrefabInstance: {fileID: 8942137404354429112}
  m_PrefabAsset: {fileID: 0}
  m_GameObject: {fileID: 0}
  m_Enabled: 1
  m_EditorHideFlags: 0
  m_Script: {fileID: 11500000, guid: 5f194cdf81d034e40bea1c009ae66619, type: 3}
  m_Name: 
  m_EditorClassIdentifier: 
